<?xml version="1.0" encoding="UTF-8"?><record xmlns="http://www.loc.gov/MARC21/slim" xmlns:cinclude="http://apache.org/cocoon/include/1.0" xmlns:zs="http://www.loc.gov/zing/srw/">
  <leader>00488nz  a2200145n  4500</leader>
  <controlfield tag="001">no2001090693</controlfield>
  <controlfield tag="003">DLC</controlfield>
  <controlfield tag="005">20011114063617.0</controlfield>
  <controlfield tag="008">011113n| acannaabn          |n aaa     c</controlfield>
  <datafield tag="010" ind1=" " ind2=" ">
    <subfield code="a">no2001090693</subfield>
  </datafield>
  <datafield tag="035" ind1=" " ind2=" ">
    <subfield code="a">(OCoLC)oca05625366</subfield>
  </datafield>
  <datafield tag="040" ind1=" " ind2=" ">
    <subfield code="a">WaU</subfield>
    <subfield code="b">eng</subfield>
    <subfield code="c">WaU</subfield>
  </datafield>
  <datafield tag="100" ind1="1" ind2=" ">
    <subfield code="a">Zhang, Xiaoping,</subfield>
    <subfield code="d">1973-</subfield>
  </datafield>
  <datafield tag="670" ind1=" " ind2=" ">
    <subfield code="a">Evaluation of dual-loop data accuracy using video ground truth data, 2000:</subfield>
    <subfield code="b">t.p. (Xiaoping Zhang)</subfield>
  </datafield>
  <datafield tag="670" ind1=" " ind2=" ">
    <subfield code="a">Univ. of Wash. Student Data Base System, June 20, 2001</subfield>
    <subfield code="b">(b. Oct. 21, 1973)</subfield>
  </datafield>
</record>